<?xml version="1.0" encoding="UTF-8"?><collection xmlns="http://www.loc.gov/MARC21/slim"><record><leader>00419nam--2200133-i-4500</leader><controlfield tag="001">000023491</controlfield><controlfield tag="002">20161230</controlfield><controlfield tag="005">20161230201035</controlfield><controlfield tag="008">060222s1000------------r-----000-0-eng-d</controlfield><datafield ind1=" " ind2=" " tag="080"><subfield code="a">548(043):539.12.172(043)</subfield></datafield><datafield ind1=" " ind2=" " tag="100"><subfield code="a">Exertier, Jean-yves</subfield></datafield><datafield ind1=" " ind2=" " tag="245"><subfield code="a">Determination directe, sans reglage de l`orientation d`un monocristal en diffractometrie.these</subfield></datafield><datafield ind1=" " ind2=" " tag="260"><subfield code="a">Besancon, Universite De Besancon, 1973. 76p</subfield></datafield><datafield ind1=" " ind2=" " tag="852"><subfield code="a">42107</subfield></datafield></record></collection>